@article{heymsfield,
  title={The calorie: myth, measurement, and reality.},
  author={Heymsfield, Steven B and Darby, Pamella C and Muhlheim, Lauren S and Gallagher, Dympna and Wolper, Carla and Allison, David B},
  journal={The American journal of clinical nutrition},
  volume={62},
  number={5},
  pages={1034S--1041S},
  year={1995},
  publisher={Am Soc Nutrition}
}

@techreport{aragon_2015, title={Free and compulsory school age requirements}, url={http://www.ecs.org/free-and-compulsory-school-age-requirements/}, journal={Education Commission of the States}, publisher={Education Commission of the States}, author={Aragon, Stephanie}, year={2015}, month={May}}
This report examines increasing the age range that a student is required to attend school; with goals of boosting high school graduation rates and producing a better prepared workforce.

@misc{mythvsfact, 
title={Myth vs. Fact on Healthy, Hunger-Free Kids Act School Meals Implementation},
author={School Nutrition Association (SNA)},
url={https://schoolnutrition.org/uploadedFiles/About_School_Meals/Myth vs Fact.pdf},
publisher={School Nutrition Association (SNA)}
}

@misc{us20152015,
  title={2015--2020 Dietary Guidelines for Americans},
  author={US Department of Health and Human Services and others},
	url={https://health.gov/dietaryguidelines/2015/guidelines/},
  year={2015},
  publisher={US Government Printing Office Washington, DC}
}

@book{Macro,
  doi = {10.17226/10490},
  url = {http://dx.doi.org/10.17226/10490},
  year  = {2005},
  month = {oct},
  publisher = {The National Academies Press},
  title = {Dietary Reference Intakes for Energy,  Carbohydrate,  Fiber,  Fat,  Fatty Acids,  Cholesterol,  Protein,  and Amino Acids (Macronutrients)}
}

@ONLINE {craiggundersen2014,
    author = "Craig Gundersen",
    title  = "The Potentially Negative Consequences Associated with the Healthy, Hunger-Free Kids Act",
    month  = "aug",
    year   = "2014",
    url    = "http://policymatters.illinois.edu/the-potentially-negative-consequences-associated-with-the-healthy-hunger-free-kids-act/"
}

@ONLINE {juliekellyjeffstier2015,
    author = "JULIE KELLY, JEFF STIER",
    title  = "Michelle Obama's ``Healthy'' School Lunches",
    month  = "sep",
    year   = "2015",
    url    = "http://www.nationalreview.com/article/423784/michelle-obamas-healthy-school-lunches-julie-kelly-jeff-stier"
}

@book{NSLA, 
title="Richard B. Russell National School Lunch Act, 42 U.S.C. \S 1751-1769j (2014)"
}

@misc{USDAHHKA, 
title={Healthy Hunger-Free Kids Act | School Meals}, 
url={http://www.fns.usda.gov/school-meals/healthy-hunger-free-kids-act}, 
journal={United States Department of Agriculture Food and Nutrition Service},
publisher={United States Department of Agriculture}, year={2016}, month={Oct}}


@ONLINE {CaloricRatio,
    author = "SELF Nutrition Data",
    title  = "Foods with Caloric Ratio near 46:28:26 (Carbohydrates:Fats:Protein)",
    url    = "http://nutritiondata.self.com/foods-000999000000046028026.html"
}